<record><leader>00000cas a22000007a 4500</leader><controlfield tag="001">12851187</controlfield><controlfield tag="008">851126d19341934pauwr ne      0    0eng d</controlfield><datafield ind1=" " ind2=" " tag="010"><subfield code="a">sn 87078003 </subfield></datafield><datafield ind1=" " ind2=" " tag="040"><subfield code="a">NPH</subfield><subfield code="b">eng</subfield><subfield code="c">NPH</subfield><subfield code="d">OCLCQ</subfield></datafield><datafield ind1=" " ind2=" " tag="042"><subfield code="a">msc</subfield></datafield><datafield ind1="0" ind2="4" tag="245"><subfield code="a">The Pennsylvania weekly news.</subfield></datafield><datafield ind1=" " ind2=" " tag="260"><subfield code="a">Philadelphia, Pa. :</subfield><subfield code="b">P.M. Gottleib,</subfield><subfield code="c">1934.</subfield></datafield><datafield ind1=" " ind2=" " tag="300"><subfield code="a">1 v. :</subfield><subfield code="b">ill.</subfield></datafield><datafield ind1=" " ind2=" " tag="310"><subfield code="a">Weekly</subfield></datafield><datafield ind1="0" ind2=" " tag="362"><subfield code="a">Vol. 1, no. 1 (Jan. 20, 1934)-v. 1, no. 16 (May 6/13, 1934).</subfield></datafield><datafield ind1=" " ind2=" " tag="752"><subfield code="a">United States</subfield><subfield code="b">Pennsylvania</subfield><subfield code="c">Philadelphia</subfield><subfield code="d">Philadelphia.</subfield></datafield><datafield ind1="0" ind2="7" tag="785"><subfield code="t">Radio press</subfield><subfield code="w">(DLC)sn 87078002</subfield><subfield code="w">(OCoLC)12851269</subfield></datafield><datafield ind1="0" ind2="7" tag="785"><subfield code="t">Pennsylvania weekly news and radio press</subfield><subfield code="w">(DLC)sn 87078010</subfield><subfield code="w">(OCoLC)12851214</subfield></datafield></record>